@misc{SWIPrologManual,
  author = {SWI-Prolog team},
  title = {{SWI-Prolog} Reference Manual (Section 4.2)},
  howpublished = "\url{http://www.swi-prolog.org/pldoc/doc_for?object=manual}",
  year = {2014},
  note = "[Online; accessed June 2015]"
}

@InProceedings{OutsideInICFP09,
 author = {Schrijvers, Tom and Peyton Jones, Simon and Sulzmann, Martin and Vytiniotis, Dimitrios},
 title = {Complete and Decidable Type Inference for GADTs},
 booktitle = {Proceedings of the 14th ACM SIGPLAN International Conference on Functional Programming},
 series = {ICFP '09},
 year = {2009},
 isbn = {978-1-60558-332-7},
 location = {Edinburgh, Scotland},
 pages = {341--352},
 numpages = {12},
 url = {http://doi.acm.org/10.1145/1596550.1596599},
 doi = {10.1145/1596550.1596599},
 acmid = {1596599},
 publisher = {ACM},
 address = {New York, NY, USA},
 keywords = {GADTs, Haskell, type inference},
}

@phdthesis{Ahn14thesis,
  author  = {Ahn, Ki Yung},
  title	  = {The Nax language},
  school  = {Department of Computer Science, Portland State University},
  year	  = 2014,
  month	  = {November},
  address = {PO Box 751, Portland, OR, 97207 USA},
  url = "http://archives.pdx.edu/ds/psu/13198",
}

A prototype implementation of Nax is available at \url{http://github.com/kyagrd/mininax}.

@InProceedings{BirMee98,
  author = "Bird and Meertens",
  title = "Nested Datatypes",
  booktitle = "MPC: 4th International Conference on Mathematics of Program Construction",
  publisher = "LNCS, Springer-Verlag",
  year = "1998",
}

@inproceedings{AhnSheFioPit13,
 author    = {Ki Yung Ahn and Tim Sheard and Marcelo Fiore and Andrew M. Pitts},
 title     = {System {F}i: a Higher-Order Polymorphic Lambda Calculus with Erasable Term Indices},
 booktitle = {Proceedings of the 11th international conference on Typed
 lambda calculi and applications},
 series    = {TLCA '13},
 year      = {2013},
}

@inproceedings{AhnShe11,
 author = {Ahn, Ki Yung and Sheard, Tim},
 title = {A hierarchy of {M}endler-style recursion combinators: {T}aming inductive datatypes with negative occurrences},
 booktitle = {ICFP '11},
 booktitle = {Proceedings of the 16th ACM SIGPLAN international conference on Functional programming},
 year = {2011},
 location = {Tokyo, Japan},
 pages = {234--246},
 numpages = {13},
 acmid = {2034807},
 publisher = {ACM},
keywords = {catamorphism, higher-order abstract syntax, histomorphism, parametric polymorphism, parametricity, recursion combinators, recursion schemes, termination, totality},
}

@InProceedings{AbeMatUus03,
 title = "Generalized Iteration and Coiteration for Higher-Order Nested Datatypes",
 author = "Andreas Abel and Ralph Matthes and Tarmo Uustalu",
 bibdate = "2003-03-04",
 bibsource = "DBLP, http://dblp.uni-trier.de/db/conf/fossacs/fossacs2003.html#AbelMU03",
 booktitle = "FoSSaCS",
 booktitle = "Foundations of Software Science and Computational Structures, 6th International Conference, {FOSSACS} 2003 Held as Part of the Joint European Conference on Theory and Practice of Software, {ETAPS} 2003, Warsaw, Poland, April 7-11, 2003, Proceedings",
 publisher = "Springer",
 year = "2003",
 volume = "2620",
 pages = "54--69",
 series = "LNCS",
 series = "Lecture Notes in Computer Science",
}

@PhdThesis{vene00phd,
 author =      "Varmo Vene",
 title =       "Categorical Programming with Inductive and Coinductive Types",
 type =        "{PhD} thesis ({Diss.\ Math.\ Univ.\ Tartuensis 23})",
 school =      "Dept.\ of Computer Science, Univ.\ of Tartu",
 month =       aug,
 year =        "2000",
}

@InProceedings{AbeMat04,
  title =	"Fixed Points of Type Constructors and Primitive
		 Recursion",
  author =	"Andreas Abel and Ralph Matthes",
  bibdate =	"2011-08-04",
  bibsource =	"DBLP,
		 http://dblp.uni-trier.de/db/conf/csl/csl2004.html#AbelM04",
  booktitle =	"CSL",
  booktitle =	"Computer Science Logic, 18th International Workshop,
		 {CSL} 2004, 13th Annual Conference of the {EACSL},
		 Karpacz, Poland, September 20-24, 2004, Proceedings",
  publisher =	"Springer",
  year = 	"2004",
  volume =	"3210",
  ISBN = 	"3-540-23024-6",
  pages =	"190--204",
  series =	"LNCS",
  series =	"Lecture Notes in Computer Science",
  URL =  	"http://dx.doi.org/10.1007/978-3-540-30124-0_17",
}

@InProceedings{DegtyarevV95,
  title =	"Simultaneous Regid {E}-Unification Is Undecidable",
  author =	"Anatoli Degtyarev and Andrei Voronkov",
  publisher =	"Springer",
  year = 	"1995",
  volume =	"1092",
  bibdate =	"2009-09-22",
  bibsource =	"DBLP,
		 http://dblp.uni-trier.de/db/conf/csl/csl95.html#DegtyarevV95",
  booktitle =	"CSL",
  editor =	"Hans Kleine B{\"u}ning",
  ISBN = 	"3-540-61377-3",
  pages =	"178--190",
  series =	"Lecture Notes in Computer Science",
  URL =  	"http://dx.doi.org/10.1007/3-540-61377-3_38",
}
  crossref =	"conf/csl/1995",

@PhdThesis{matthes98phd,
 author = "Ralph Matthes",
 title = "Extensions of System {F} by Iteration and Primitive Recursion on Monotone Inductive Types",
 school = "Ludwig-Maximilians Universit{\"a}t",
 year = "1998",
 month = may,
 pdf = "http://www.irit.fr/~Ralph.Matthes/dissertation/matthesdiss.pdf",
}


@article{HMX99,
 author = {Odersky, Martin and Sulzmann, Martin and Wehr, Martin},
 title = {Type Inference with Constrained Types},
 journal = {Theor. Pract. Object Syst.},
 issue_date = {Jan. 1999},
 volume = {5},
 number = {1},
 month = jan,
 year = {1999},
 issn = {1074-3227},
 pages = {35--55},
 numpages = {21},
 url = {http://dx.doi.org/10.1002/(SICI)1096-9942(199901/03)5:1<35::AID-TAPO4>3.0.CO;2-4},
 doi = {10.1002/(SICI)1096-9942(199901/03)5:1<35::AID-TAPO4>3.0.CO;2-4},
 acmid = {308203},
 publisher = {John Wiley \& Sons, Inc.},
 address = {New York, NY, USA},
}



@InProceedings{tyinferCHR02,
  author =	"Sandra Alves and Mario Florido",
  title =	"Type Inference using {C}onstraint {H}andling {R}ules",
  keywords =	"type systems",
  pages =	"56--72",
  editor =	"M. Hanus",
  booktitle =	"{WFLP} '01: Proc.\ 10th Intl.\ Workshop on Functional
		 and (Constraint) Logic Programming, Selected Papers",
  year = 	"2002",
  month =	nov,
  series =	"Electronic Notes in Theoretical Computer Science",
  volume =	"64",
  publisher =	"Elsevier",
}



@InProceedings{JonesTHiH99,
	  author =	"Mark P. Jones",
	    title =	"Typing {Haskell} in {Haskell}",
	      booktitle =	"ACM Haskell Workshop {\rm, informal proceedings}",
	        year = 	"1999",
		  month =	oct,
}

